@article{adjei2022mortality,
  title={Mortality Risk Among Patients Hospitalized Primarily for COVID-19 During the Omicron and Delta Variant Pandemic Periods - United States, April 2020-June 2022},
  author={{Adjei, Stacey and Hong, Kai and Molinari, Noelle-Angelique M and Bull-Otterson, Lara and Ajani, Umed A and Gundlapalli, Adi V and Harris, Aaron M and Hsu, Joy and Kadri, Sameer S and Starnes, Jon and Yeoman, Kristin and Boehmer, Tegan K}},
  journal={MMWR Morb Mortal Wkly Rep},
  volume={71},
  number={37},
  pages={1182-1189},
  year={2022},
  doi={10.15585/mmwr.mm7137a4},
  pmid={36107788},
  pmcid={PMC9484808}
}

@article{HFR_line_list1,
    author = {Roth, Gregory A. and Emmons-Bell, Sophia and Alger, Heather M. and Bradley, Steven M. and Das, Sandeep R. and de Lemos, James A. and Gakidou, Emmanuela and Elkind, Mitchell S. V. and Hay, Simon and Hall, Jennifer L. and Johnson, Catherine O. and Morrow, David A. and Rodriguez, Fatima and Rutan, Christine and Shakil, Saate and Sorensen, Reed and Stevens, Laura and Wang, Tracy Y. and Walchok, Jason and Williams, Joseph and Murray, Christopher},
    title = "{Trends in Patient Characteristics and COVID-19 In-Hospital Mortality in the United States During the COVID-19 Pandemic}",
    journal = {JAMA Network Open},
    volume = {4},
    number = {5},
    pages = {e218828-e218828},
    year = {2021},
    month = {05},
    issn = {2574-3805},
    doi = {10.1001/jamanetworkopen.2021.8828},
    url = {https://doi.org/10.1001/jamanetworkopen.2021.8828},
    eprint = {https://jamanetwork.com/journals/jamanetworkopen/articlepdf/2779415/roth\_2021\_oi\_210286\_1619467655.4575.pdf},
}% and others

@article{HFR_linelist2,
    author = {Xie, Yan and Choi, Taeyoung and Al-Aly, Ziyad},
    title = "{Mortality in Patients Hospitalized for COVID-19 vs Influenza in Fall-Winter 2023-2024}",
    journal = {JAMA},
    volume = {331},
    number = {22},
    pages = {1963-1965},
    year = {2024},
    month = {06},
    issn = {0098-7484},
    doi = {10.1001/jama.2024.7395},
    url = {https://doi.org/10.1001/jama.2024.7395},
    eprint = {https://jamanetwork.com/journals/jama/articlepdf/2818660/jama\_xie\_2024\_ld\_240027\_1717088661.94742.pdf},
}

@article{HFR_linelist3,
  title={Fatality rate and predictors of mortality in an Italian cohort of hospitalized COVID-19 patients},
  author={Bellan, M. and Patti, G. and Hayden, E. and others},
  journal={Sci Rep},
  volume={10},
  pages={20731},
  year={2020},
  doi={10.1038/s41598-020-77698-4}
}


@article{UKpaper,
  title={{Novel methods for estimating the instantaneous and overall COVID-19 case fatality risk among care home residents in England}},
  author={Overton, CE and Webb, L and Datta, U and Fursman, M and Hardstaff, J and Hiironen, I and Paranthaman, K and Riley, H and Sedgwick, J and Verne, J and Willner, S and Pellis, L and Hall, I},
  journal={PLoS Comput Biol},
  volume={18},
  number={10},
  pages={e1010554},
  year={2022},
  doi={10.1371/journal.pcbi.1010554},
  pmid={36279279},
  pmcid={PMC9632866}
}

@article{cfr_line_list,
  title={{Risk of mortality in patients infected with SARS-CoV-2 variant of concern 202012/1: matched cohort study}},
  author={Challen, Robert and Brooks-Pollock, Ellen and Read, Jonathan M and Dyson, Louise and Tsaneva-Atanasova, Krasimira and Danon, Leon},
  journal={BMJ},
  volume={372},
  pages={n579},
  year={2021},
  doi={10.1136/bmj.n579},
  pmid={33687922},
  pmcid={PMC7941603}
}

@article{wsj,
  title={{Case-Fatality Metric Points to Increase in December Deaths}},
  author={Kamp, Jon and Krouse, Sarah},
  journal={Wall Street Journal},
  year={2020},
  month={Dec},
  day={2}
}

@article{nyt,
  title={{The Pandemic’s Big Mystery: How Deadly Is the Coronavirus?}},
  author={McNeil, Donald G. Jr.},
  journal={New York Times},
  year={2020},
  month={Jul},
  day={4}
}
@article{atlantic,
  title={{How Many Americans Are About to Die?}},
  author={Madrigal, Alexis C. and Moser, Whet},
  journal={The Atlantic},
  year={2020},
  month={Nov},
  day={19}
}

@article{germany,
  title={{High variability of COVID-19 case fatality rate in Germany}},
  author={Wjst, Matthias and Wendtner, Clemens},
  journal={BMC Public Health},
  volume={23},
  pages={416},
  year={2023},
  doi={10.1186/s12889-023-15112-0}
}

@article{timevar_ifr,
title = {Infection fatality ratio and case fatality ratio of COVID-19},
journal = {International Journal of Infectious Diseases},
volume = {113},
pages = {43-46},
year = {2021},
issn = {1201-9712},
doi = {https://doi.org/10.1016/j.ijid.2021.10.004},
author = {Guangze Luo and Xingyue Zhang and Hua Zheng and Daihai He},
keywords = {Infection fatality ratio, Case fatality rate, RT-PCR, Serological survey},
}

@article{horita2022global,
  title={{Global case fatality rate from COVID-19 has decreased by 96.8\% during 2.5 years of the pandemic}},
  author={Horita, Nobuyuki and Fukumoto, Takeshi},
  journal={Journal of Medical Virology},
  year={2022},
  doi={10.1002/jmv.28231},
  publisher={Wiley Periodicals LLC}
}

@article{yuan2020monitoring,
  title={{Monitoring transmissibility and mortality of COVID-19 in Europe}},
  author={Yuan, Jing and Li, Minghui and Lv, Gang and Lud, Z. Kevin},
  journal={Int J Infect Dis},
  volume={95},
  pages={311--315},
  year={2020},
  month={Jun},
  doi={10.1016/j.ijid.2020.03.050},
}

@article{LIU2023100350,
title = {Differences in case-fatality-rate of emerging SARS-CoV-2 variants},
journal = {Public Health in Practice},
volume = {5},
pages = {100350},
year = {2023},
issn = {2666-5352},
doi = {https://doi.org/10.1016/j.puhip.2022.100350},
author = {Jing Liu and Haozhen Wei and Daihai He},
}

@article{lancet_ifr,
  title={{Variation in the COVID-19 infection–fatality ratio by age, time, and geography during the pre-vaccine era: a systematic analysis}},
  author={{COVID-19 Forecasting Team}},
  journal={The Lancet},
  volume={399},
  number={10334},
  pages={1469--1488},
  year={2022},
  month={Apr},
  day={16}
}

@article{reich2012estimating,
  title={{Estimating Absolute and Relative Case Fatality Ratios from Infectious Disease Surveillance Data}},
  author={Reich, Nicholas G. and Lessler, Justin and Cummings, Derek A. T. and Brookmeyer, Ron},
  journal={Biometrics},
  volume={68},
  number={2},
  pages={598--606},
  year={2012},
  month={Jun},
  doi={10.1111/j.1541-0420.2011.01709.x},
  pmcid={PMC4540071},
  pmid={22276951},
  publisher={Wiley},
  note={Published online 2012 Jan 25}
}

@article{ghani,
    author = {Ghani, A. C. and Donnelly, C. A. and Cox, D. R. and Griffin, J. T. and Fraser, C. and Lam, T. H. and Ho, L. M. and Chan, W. S. and Anderson, R. M. and Hedley, A. J. and Leung, G. M.},
    title = "{Methods for Estimating the Case Fatality Ratio for a Novel, Emerging Infectious Disease}",
    journal = {American Journal of Epidemiology},
    volume = {162},
    number = {5},
    pages = {479-486},
    year = {2005},
    month = {09},
    issn = {0002-9262},
    doi = {10.1093/aje/kwi230},
    url = {https://doi.org/10.1093/aje/kwi230},
    eprint = {https://academic.oup.com/aje/article-pdf/162/5/479/187184/kwi230.pdf},
}

@article{jewell2007nonparametric,
  title={{Non-parametric estimation of the case fatality ratio with competing risks data: an application to Severe Acute Respiratory Syndrome (SARS)}},
  author={Jewell, Nicholas P and Lei, Xiudong and Ghani, Azra C and Donnelly, Christl A and Leung, Gabriel M and Ho, Lai-Ming and Cowling, Benjamin J and Hedley, Anthony J},
  journal={Stat Med},
  volume={26},
  number={9},
  pages={1982--1998},
  year={2007},
  month={Apr},
  day={30},
  doi={10.1002/sim.2691},
  pmid={16981181},
  pmcid={PMC7169492}
}

@article{lancet_controversial,
  title={{Real estimates of mortality following COVID-19 infection}},
  author={Baud, David and Qi, Xiaolong and Nielsen-Saines, Karin and Musso, Didier and Pomar, Léo and Favre, Guillaume},
  journal={Lancet Infect Dis},
  volume={20},
  number={7},
  pages={773},
  year={2020},
  month={Jul},
  doi={10.1016/S1473-3099(20)30195-X},
  note={Epub 2020 Mar 12},
  pmid={32171390},
  pmcid={PMC7118515}
}


@article{nishiura,
  title={{Early Epidemiological Assessment of the Virulence of Emerging Infectious Diseases: A Case Study of an Influenza Pandemic}},
  author={Nishiura, Hiroshi and Klinkenberg, Don and Roberts, Mick and Heesterbeek, Johan A. P.},
  journal={PLoS One},
  volume={4},
  number={8},
  pages={e6852},
  year={2009},
  month={Aug},
  day={31},
  publisher={Public Library of Science},
  doi={10.1371/journal.pone.0006852},
  pmid={19718434},
  pmcid={PMC2729920}
}

@article{thomas2021estimating,
  title={Estimating the case fatality ratio for COVID-19 using a time-shifted distribution analysis},
  author={Thomas, B. S. and Marks, N. A.},
  journal={Epidemiol Infect},
  volume={149},
  pages={e197},
  year={2021},
  month={Jul},
  day={19},
  doi={10.1017/S0950268821001436},
  pmid={34278986},
  pmcid={PMC8438516}
}


@misc{delay_distrs,
      title={Best practices for estimating and reporting epidemiological delay distributions of infectious diseases using public health surveillance and healthcare data}, 
      author={Kelly Charniga and Sang Woo Park and Andrei R Akhmetzhanov and Anne Cori and Jonathan Dushoff and Sebastian Funk and Katelyn M Gostic and Natalie M Linton and Adrian Lison and Christopher E Overton and Juliet R C Pulliam and Thomas Ward and Simon Cauchemez and Sam Abbott},
      year={2024},
      eprint={2405.08841},
      archivePrefix={arXiv},
      primaryClass={stat.ME},
      url={https://arxiv.org/abs/2405.08841}, 
}

@article{verity2020estimates,
  title={Estimates of the severity of coronavirus disease 2019: a model-based analysis},
  author={Verity, Robert and Okell, Lucy C and Dorigatti, Ilaria and Winskill, Peter and Whittaker, Charles and Imai, Natsuko and Cuomo-Dannenburg, Gina and Thompson, Hayley and Walker, Patrick G T and Fu, Han and others},
  journal={The Lancet Infectious Diseases},
  volume={20},
  number={6},
  pages={669--677},
  year={2020},
  month={Jun},
  note={Open Access},
  doi={10.1016/S1473-3099(20)30243-7}
}

@article{fusedlasso,
  title={A novel method to monitor COVID-19 fatality rate in real-time, a key metric to guide public health policy},
  author={Qu, Yuanke and Lee, Chun Yin and Lam, K. F.},
  journal={Sci Rep},
  volume={12},
  pages={18277},
  year={2022},
  doi={10.1038/s41598-022-23138-4},
  month={Oct},
  day={31}
}

@article{fraser2007,
    doi = {10.1371/journal.pone.0000758},
    author = {Fraser, Christophe},
    journal = {PLOS ONE},
    publisher = {Public Library of Science},
    title = {{Estimating Individual and Household Reproduction Numbers in an Emerging Epidemic}},
    year = {2007},
    month = {08},
    volume = {2},
    url = {https://doi.org/10.1371/journal.pone.0000758},
    pages = {1-12},
    number = {8},
}

@article{cori2013new,
  title={A New Framework and Software to Estimate Time-Varying Reproduction Numbers During Epidemics},
  author={Cori, Anne and Ferguson, Neil M. and Fraser, Christophe and Cauchemez, Simon},
  journal={American Journal of Epidemiology},
  volume={178},
  number={9},
  pages={1505--1512},
  year={2013},
  month={Nov},
  day={1},
  doi={10.1093/aje/kwt133}
}

@article{wallinga2007how,
  title={How generation intervals shape the relationship between growth rates and reproductive numbers},
  author={Wallinga, Jacco and Lipsitch, Marc},
  journal={Proceedings of the Royal Society B: Biological Sciences},
  volume={274},
  number={1609},
  pages={599--604},
  year={2007},
  publisher={The Royal Society}
}